@online{conebreakdown,
    author = {R Nave},
    title = {Cone Details},
    url  = {http://hyperphysics.phy-astr.gsu.edu/hbase/vision/rodcone.html#:~:text=Go%20Back-,Cone%20Details,bulk%20of%20the%20cones%20reside}
}

@online{coneinfo,
    author = {R Nave},
    title = {The Color-Sensitive Cones},
    url  = {http://hyperphysics.phy-astr.gsu.edu/hbase/vision/colcon.html#c1}
}

@online{conespectra,
    title = {Human Cone Action Spectra},
    url  = {https://www.unm.edu/~toolson/human_cone_response.htm}
}


@book{colorperception,
    author = {Michael Kalloniatis, Charles Luu},
    title = {Color Perception},
    year = {2007},
    url ={https://webvision.med.utah.edu/book/part-viii-psychophysics-of-vision/color-perception/},
    company = Webvision
}

@book{colorvision,
    author = {Peter Gouras},
    title = {Color Vision},
    year = {2009},
    url ={https://webvision.med.utah.edu/book/part-vii-color-vision/color-vision/},
    company = Webvision
}

@article{tetragenetics,
    author = {Gabriele Jordan and Samir S. Deeb and Jenny M. Bosten and J. D. Mollon},
    title = {The dimensionality of color vision in carriers of anomalous trichromacy},
    journal = {Journal of Vision},
    year = {2010}, 
    url = {https://doi.org/10.1167/10.8.12}
}

@online{colorblindgenetics,
    title = {Is Color Blindness Genetic and How it's Inherited?},
    url  = {https://www.blueconemonochromacy.org/know-more/colorblindess/}
}

@online{anamoloustri,
    title = {The Basics},
    url  = {http://www.neitzvision.com/the-basics/}
}

@article{tetragraph,
    author = {Kimberly A. Jameson},
    title = {Human Potential for Tetrachromacy},
    journal = {Glimpse},
    year = {2009}, 
    url = {https://www.ctbs.socsci.uci.edu/colorcoglab/4-9.pdf}
}

@online{thedress,
    title = {The dress - Wikipedia},
    url = {https://en.wikipedia.org/wiki/The_dress}
}